@manual{oetiket2007lshort,
    author = {Oetiket, T. and Partl, H. and Hyna and Schlegl, E.},
    title = {The not-so-short introduction to Latex},
    url = {http://www.ctan.org/tex-archive/info/lshort/english/lshort.pdf}
}

@Manual{downes2002shortams,
  title = 	 {{Short Math Guide for \LaTeX{}}},
  author = 	 {Downes,, Michael},
  organization = {American Mathematical Society},
  year = 	 {2002},
  url = 	 {ftp://ftp.ams.org/pub/tex/doc/amsmath/short-math-guide.pdf}
}

@Book{ungar2002uvod,
  author = 	 {Šime Ungar},
  title = 	 {{Uvod u \TeX{} s naglaskom na \LaTeX 2$\epsilon$}},
  publisher = 	 {Odjel za matematiku, Sveučilište J.J.\ Strossmayera u Osijeku},
  year = 	 {2002}
}

@article{canny1986comp,
  title={A computational approach to edge detection},
  author={Canny, John},
  journal={Pattern Analysis and Machine Intelligence, IEEE Transactions on},
  number={6},
  pages={679--698},
  year={1986},
  publisher={IEEE}
}

@Misc{wikimm,
author =   {Fisher, Robert and others},
title =    {Morphology},
howpublished = {\url{http://homepages.inf.ed.ac.uk/rbf/HIPR2/morops.htm}},
year = {2003}
}
 
@misc{ wikigauss,
   author = "Wikipedia",
   title = "Gaussian filter --- Wikipedia{,} The Free Encyclopedia",
   year = "2015",
   url = {\url{http://en.wikipedia.org/w/index.php?title=Gaussian_filter&oldid=648630424}},
   note = "[Online; accessed 29-May-2015]"
 }
 
@article{suzukicontours,
	title={Topological structural analysis of digitized binary images by border following},
	author={Suzuki, Satoshi and others},
	journal={Computer Vision, Graphics, and Image Processing},
	volume={30},
	number={1},
	pages={32--46},
	year={1985},
	publisher={Elsevier}
}

@book{oreillycv,
  title={Learning OpenCV: Computer vision with the OpenCV library},
  author={Bradski, Gary and Kaehler, Adrian},
  year={2008},
  publisher={" O'Reilly Media, Inc."}
}

@Book{cupicmihajlovic,
author = {Marko Čupić, Željka Mihajlović},
title = {Interaktivna računalna grafika kroz primjere u OpenGL-u},
year = {2014}
}
@incollection{martinspoker,
  title={Poker vision: playing cards and chips identification based on image processing},
  author={Martins, Paulo and Reis, Lu{\'\i}s Paulo and Te{\'o}filo, Lu{\'\i}s},
  booktitle={Pattern Recognition and Image Analysis},
  pages={436--443},
  year={2011},
  publisher={Springer}
}
@Misc{opencv,
author =   {Itseez},
title =    {Open Source Computer Vision},
howpublished = {\url{http://opencv.org/}},
year = {2000--2015}
}